@preamble{ "\providecommand\ctanbibpkgname[1]{\textsl{#1}}" }
@manual{xcolor,
  title = {The \ctanbibpkgname{xcolor} package},
  subtitle = {Driver-independent color extensions for LaTeX and pdfLaTeX},
  author = {Kern, Uwe and {The LaTeX Project Team}},
  url = {https://ctan.org/pkg/xcolor},
  urldate = {2025-09-25}, 
  date = {2024-09-29},
  version = {3.02},
}

@preamble{ "\providecommand\ctanbibpkgname[1]{\textsl{#1}}" }
@manual{l3kernel,
  title = {The \ctanbibpkgname{l3kernel} package},
  subtitle = {LaTeX3 programming conventions},
  author = {{The LaTeX Project Team}},
  url = {https://ctan.org/pkg/l3kernel},
  urldate = {2025-09-25}, 
  date = {2025-09-02},
  version = {},
}

@preamble{ "\providecommand\ctanbibpkgname[1]{\textsl{#1}}" }
@manual{minted,
  title = {The \ctanbibpkgname{minted} package},
  subtitle = {Highlighted source code for LaTeX},
  author = {Poore, Geoffrey and Rudolph, Konrad},
  url = {https://ctan.org/pkg/minted},
  urldate = {2025-09-25}, 
  date = {2025-05-14},
  version = {3.7.0},
}

@preamble{ "\providecommand\ctanbibpkgname[1]{\textsl{#1}}" }
@manual{fontspec,
  title = {The \ctanbibpkgname{fontspec} package},
  subtitle = {Advanced font selection in XeLaTeX and LuaLaTeX},
  author = {Robertson, Will and {The LaTeX Project Team}},
  url = {https://ctan.org/pkg/fontspec},
  urldate = {2025-09-25}, 
  date = {2024-05-11},
  version = {2.9e},
}

@preamble{ "\providecommand\ctanbibpkgname[1]{\textsl{#1}}" }
@manual{pgf,
  title = {The \ctanbibpkgname{pgf} package},
  subtitle = {Create PostScript and PDF graphics in TeX},
  author = {Tantau, Till and {The PGF/TikZ Team}},
  url = {https://ctan.org/pkg/pgf},
  urldate = {2025-09-25}, 
  date = {2025-08-29},
  version = {3.1.11a},
}

@preamble{ "\providecommand\ctanbibpkgname[1]{\textsl{#1}}" }
@manual{tcolorbox,
  title = {The \ctanbibpkgname{tcolorbox} package},
  subtitle = {Coloured boxes, for LaTeX examples and theorems, etc},
  author = {Sturm, Thomas F.},
  url = {https://ctan.org/pkg/tcolorbox},
  urldate = {2025-09-25}, 
  date = {2025-09-09},
  version = {6.8.0},
}

@preamble{ "\providecommand\ctanbibpkgname[1]{\textsl{#1}}" }
@manual{latex,
  title = {The \ctanbibpkgname{latex} package},
  subtitle = {A TeX macro package that defines LaTeX},
  author = {Lamport, Leslie and {The LaTeX Project Team}},
  url = {https://ctan.org/pkg/latex},
  urldate = {2025-09-25}, 
  date = {2025-06-01},
  version = {},
}

@preamble{ "\providecommand\ctanbibpkgname[1]{\textsl{#1}}" }
@manual{xparse,
  title = {The \ctanbibpkgname{xparse} package},
  subtitle = {A generic document command parser},
  author = {{The LaTeX Project Team}},
  url = {https://ctan.org/pkg/xparse},
  urldate = {2025-09-29},
  date = {2024-08-16},
  version = {},
}
